<?xml version="1.0" encoding="UTF-8"?><collection xmlns="http://www.loc.gov/MARC21/slim"><record><leader>00596nam--2200205-i-4500</leader><controlfield tag="001">000023693</controlfield><controlfield tag="002">20161230</controlfield><controlfield tag="005">20161230201035</controlfield><controlfield tag="008">060222s1000------------r-----000-0-rum-d</controlfield><datafield ind1=" " ind2=" " tag="040"><subfield code="a">IFIN-HH</subfield></datafield><datafield ind1=" " ind2=" " tag="041"><subfield code="a">rum</subfield></datafield><datafield ind1=" " ind2=" " tag="080"><subfield code="a">535.853(045)</subfield></datafield><datafield ind1="1" ind2=" " tag="100"><subfield code="a">Hulubei, Horia</subfield></datafield><datafield ind1="1" ind2="0" tag="245"><subfield code="a">Unele imbunatatiri in tehnica spectrografiei razelor rontgen caracteristice</subfield><subfield code="c">Horia hulubei, n. martalogu</subfield></datafield><datafield ind1=" " ind2=" " tag="260"><subfield code="a">Bucuresti</subfield><subfield code="b">Institutul De Fizica Atomica</subfield><subfield code="c">1953</subfield></datafield><datafield ind1=" " ind2=" " tag="300"><subfield code="a">6 P</subfield></datafield><datafield ind1=" " ind2=" " tag="490"><subfield code="a">Studii Si Cercetari De Fizica</subfield></datafield><datafield ind1="1" ind2=" " tag="700"><subfield code="a">Martalogu, N</subfield></datafield><datafield ind1=" " ind2=" " tag="852"><subfield code="a">44691</subfield><subfield code="c">H.H</subfield></datafield><datafield ind1=" " ind2=" " tag="CAT"><subfield code="a">Sys</subfield><subfield code="c">20130417</subfield><subfield code="h">153159</subfield></datafield></record></collection>